@article{PezzutoBayes2022,
title = {Learning cardiac activation maps from 12-lead {ECG} with multi-fidelity {B}ayesian optimization on manifolds},
    author = {Pezzuto, Simone and
              Perdikaris, Paris and
              Sahli Costabal, Francisco},
year = {2022},
journal = {IFAC-PapersOnLine},
pubstate = {accepted},
eprinttype  = {arxiv},
eprint      = {2203.06222},
}

@article{Pezzuto2021ECG,
    title = {Reconstruction of three-dimensional
             biventricular activation based on the 12-lead
             electrocardiogram via patient-specific modelling},
    author = {Pezzuto, Simone and
              Prinzen, Frits W. and
              Potse, Mark and
              Maffessanti, Francesco and
              Regoli, Fran{\c{c}}ois and
              Caputo, Maria Luce and
              Conte, Giulio and
              Krause, Rolf and
              Auricchio, Angelo},
    journal = {EP Europace},
    publisher = {Oxford University Press},
    doi = {10.1093/europace/euaa330},
    year = {2021},
    volume = {23},
    number = {4},
    pages = {640-647},
}

